%%% Bibfile automatically generated by rmddochelper::write_bib
@Article{LAM2009,
  title = {A relationship matrix including full pedigree and genomic information},
  author = {A. Legarra and I. Aguilar and I. Misztal},
  journal = {Journal of Dairy Science},
  year = {2009},
}

@Article{Gianola2013,
  author = {D. Gianola},
  doi = {10.1534/genetics.113.151753},
  journal = {Genetics},
  number = {3},
  pages = {573--596},
  publisher = {Genetics Society of America},
  title = {Priors in Whole-Genome Regression: The Bayesian Alphabet Returns},
  url = {http://www.ncbi.nlm.nih.gov/pmc/articles/PMC3697965/},
  volume = {194},
  year = {2013},
}

@Article{VSPG2017,
  author = {J. Vandenplas and M. Spehar and K. Potocnik and N. Gengler and G. Gorjanc},
  doi = {10.3168/jds.2016-11733},
  journal = {Journal of Dairy Science},
  title = {National single-step genomic method that integrates multi-national genomic information},
  url = {http://linkinghub.elsevier.com/retrieve/pii/S0022030216308128 http://dx.doi.org/10.3168/jds.2016-11733},
  volume = {100},
  year = {2017},
  number = {1},
  pages = {465--478},
  publisher = {Elsevier},
}