@InProceedings{Edel2019,
  address = {Grub},
  author = {C Edel and R Emmerling and E C G Pimentel and M Erbe and K-U G{\"o}tz},
  booktitle = {Drei-Länder-Seminar Rinderzucht, 14.-16.05.2019, Bad Waldsee},
  editor = {Hans Ableiter and Lena Eckert},
  file = {:Volumes/group{\_}q/FB{\_}ZWS/meetings/2019/Dreil{\"{a}}nderseminar/Dreil{\"{a}}nderseminar{\_}2019{\_}GS-Lernstichproben mit K{\"{u}}hen{\_}Emmerling{\_}Edel.pdf:pdf},
  publisher = {Bayerische Landesanstalt für Landwirtschaft},
  title = {{GS-Lernstichprobe mit Kühen}},
  year = {2019},
}

@Article{Plieschke2018,
  author = {Laura Plieschke and Christian Edel and Eduardo C.G. Pimentel and Reiner Emmerling and J{\"o}rn Bennewitz and Kay Uwe G{\"o}tz},
  doi = {10.1111/jbg.12348},
  file = {:Users/pvr/Downloads/Plieschke{\_}et{\_}al-2018-Journal{\_}of{\_}Animal{\_}Breeding{\_}and{\_}Genetics.pdf:pdf},
  issn = {14390388},
  journal = {Journal of Animal Breeding and Genetics},
  keywords = {bias,genomic selection,genotyping cows,new traits,reference set,reliability},
  number = {4},
  pages = {286--292},
  title = {{Genotyping of groups of cows to improve genomic breeding values of new traits}},
  volume = {135},
  year = {2018},
}

@InProceedings{Schwarzenbacher2019a,
  author = {Hermann Schwarzenbacher and Christian Edel},
  booktitle = {ZAR-SeminAR 2019 10 Jahre genomische Selektion Rückblick und Ausblick},
  editor = {Christa Egger-Danner and Christian F{\"u}rst and Hermann Schwarzenbacher},
  file = {:Users/pvr/Downloads/Tagungsband ZAR-Seminar-2019-web.pdf:pdf},
  pages = {7--15},
  publisher = {Zentrale Arbeitsgemeinschaft {\"{O}}sterreichiscer Rinderz{\"{u}}chter, ZuchtData},
  title = {{Genomische Zuchtwertschätzung und Herdentypisierung}},
  url = {http://www.zar.at/Downloads/ZAR-Seminar.html},
  year = {2019},
}
